@INPROCEEDINGS{10445943,
  author={Viswarupan, Niruhan and Cheung, Gene and Lan, Fengbo and Brown, Michael S.},
  booktitle={ICASSP 2024 - 2024 IEEE International Conference on Acoustics, Speech and Signal Processing (ICASSP)},
  title={Mixed Graph Signal Analysis of Joint Image Denoising / Interpolation},
  year={2024},
  volume={},
  number={},
  pages={9431-9435},
  keywords={Interpolation;Maximum likelihood detection;Noise reduction;Directed graphs;Nonlinear filters;Speech processing;Signal analysis;Image denoising;image interpolation;graph signal processing},
  doi={10.1109/ICASSP48485.2024.10445943}}

@INPROCEEDINGS{10446478,
  author={Pakiyarajah, Darukeesan and Pavez, Eduardo and Ortega, Antonio},
  booktitle={ICASSP 2024 - 2024 IEEE International Conference on Acoustics, Speech and Signal Processing (ICASSP)},
  title={Irregularity-Aware Bandlimited Approximation for Graph Signal Interpolation},
  year={2024},
  volume={},
  number={},
  pages={9801-9805},
  keywords={Interpolation;Fourier transforms;Closed-form solutions;Signal sampling;Estimation;Bandwidth;Reconstruction algorithms;graph signal processing;irregularity-aware graph Fourier transform;sensor network;interpolation},
  doi={10.1109/ICASSP48485.2024.10446478}}

@INPROCEEDINGS{10447364,
  author={Liu, Hang and Scaglione, Anna and Peisert, Sean},
  booktitle={ICASSP 2024 - 2024 IEEE International Conference on Acoustics, Speech and Signal Processing (ICASSP)},
  title={Privacy Leakage In Graph Signal To Graph Matching Problems},
  year={2024},
  volume={},
  number={},
  pages={9371-9375},
  keywords={Sufficient conditions;Privacy;Simulation;Signal processing algorithms;Signal processing;Fasteners;Approximation algorithms;Graph matching;graph de-anonymization;network privacy;node identification;graph signal processing},
  doi={10.1109/ICASSP48485.2024.10447364}}
